<record><leader>00000cas a22000007a 4500</leader><controlfield tag="001">9603533</controlfield><controlfield tag="008">830614d18331833ohuwr ne      0    0eng d</controlfield><controlfield tag="009">3783</controlfield><datafield ind1=" " ind2=" " tag="010"><subfield code="a">sn 83035209 </subfield></datafield><datafield ind1=" " ind2=" " tag="040"><subfield code="a">NPY</subfield><subfield code="b">eng</subfield><subfield code="c">NPY</subfield><subfield code="d">ONP</subfield></datafield><datafield ind1="1" ind2=" " tag="029"><subfield code="a">AU@</subfield><subfield code="b">000025839925</subfield></datafield><datafield ind1=" " ind2=" " tag="042"><subfield code="a">msc</subfield></datafield><datafield ind1="0" ind2="0" tag="245"><subfield code="a">Ashtabula Republican.</subfield></datafield><datafield ind1=" " ind2=" " tag="260"><subfield code="a">Ashtabula, Ohio :</subfield><subfield code="b">L.B. Edwards,</subfield><subfield code="c">1833.</subfield></datafield><datafield ind1=" " ind2=" " tag="300"><subfield code="a">1 v. ;</subfield><subfield code="c">53 cm.</subfield></datafield><datafield ind1=" " ind2=" " tag="310"><subfield code="a">Weekly</subfield></datafield><datafield ind1="0" ind2=" " tag="362"><subfield code="a">Vol. 3, no. 1 (June 22, 1833)-v. 3, no. 26 (Dec. 14, 1833).</subfield></datafield><datafield ind1=" " ind2=" " tag="500"><subfield code="a">"Anti-Masonic." Cf. Gutgesell, S.  Guide to Ohio newspapers, 1974.</subfield></datafield><datafield ind1="1" ind2=" " tag="700"><subfield code="a">Edwards, Lewis B.</subfield></datafield><datafield ind1=" " ind2=" " tag="752"><subfield code="a">United States</subfield><subfield code="b">Ohio</subfield><subfield code="c">Ashtabula</subfield><subfield code="d">Ashtabula.</subfield></datafield><datafield ind1="0" ind2="0" tag="780"><subfield code="t">Ashtabula Republican and farmers' and mechanicks' advocate</subfield><subfield code="w">(DLC)sn 83035230</subfield></datafield></record>